<record><leader>00000cas a2200000 a 4500</leader><controlfield tag="001">1497127</controlfield><controlfield tag="008">750801d17991803nyuwr ne      0    0eng c</controlfield><datafield ind1=" " ind2=" " tag="010"><subfield code="a">sn 83031193 </subfield></datafield><datafield ind1=" " ind2=" " tag="040"><subfield code="a">FUL</subfield><subfield code="b">eng</subfield><subfield code="c">FUL</subfield><subfield code="d">NPU</subfield><subfield code="d">NPH</subfield><subfield code="d">DLC</subfield><subfield code="d">NPX</subfield><subfield code="d">OCL</subfield><subfield code="d">NPA</subfield><subfield code="d">UNP</subfield><subfield code="d">PPM</subfield><subfield code="d">KNP</subfield><subfield code="d">NJW</subfield><subfield code="d">MFN</subfield><subfield code="d">NYS</subfield><subfield code="d">NVH</subfield><subfield code="d">NYS</subfield><subfield code="d">KNP</subfield><subfield code="d">MGN</subfield><subfield code="d">CNW</subfield><subfield code="d">CNK</subfield><subfield code="d">NVK</subfield><subfield code="d">NVJ</subfield><subfield code="d">DCN</subfield><subfield code="d">OCL</subfield><subfield code="d">CVF</subfield><subfield code="d">NYS</subfield><subfield code="d">OCLCQ</subfield><subfield code="d">NYS</subfield><subfield code="d">NVF</subfield><subfield code="d">NYS</subfield><subfield code="d">KRTAS</subfield><subfield code="d">UKMGB</subfield><subfield code="d">OCLCQ</subfield><subfield code="d">OCLCF</subfield><subfield code="d">OCLCO</subfield><subfield code="d">NLC</subfield><subfield code="d">TYC</subfield></datafield><datafield ind1="7" ind2=" " tag="016"><subfield code="a">013917886</subfield><subfield code="2">Uk</subfield></datafield><datafield ind1=" " ind2=" " tag="016"><subfield code="a">(AMICUS)000014224114</subfield></datafield><datafield ind1=" " ind2=" " tag="019"><subfield code="a">2268820</subfield></datafield><datafield ind1="1" ind2=" " tag="029"><subfield code="a">AU@</subfield><subfield code="b">000002913527</subfield></datafield><datafield ind1=" " ind2=" " tag="042"><subfield code="a">pcc</subfield></datafield><datafield ind1=" " ind2=" " tag="043"><subfield code="a">n-us-ny</subfield></datafield><datafield ind1="0" ind2="0" tag="050"><subfield code="a">Newspaper 8829-X</subfield></datafield><datafield ind1="0" ind2=" " tag="130"><subfield code="a">Ulster County gazette (Kingston, N.Y. : 1799)</subfield></datafield><datafield ind1="1" ind2="0" tag="245"><subfield code="a">Ulster County gazette.</subfield></datafield><datafield ind1=" " ind2=" " tag="260"><subfield code="a">Kingston [N.Y.] :</subfield><subfield code="b">Samuel Freer and Son,</subfield><subfield code="c">1799-1803.</subfield></datafield><datafield ind1=" " ind2=" " tag="300"><subfield code="a">v. ;</subfield><subfield code="c">47 cm.</subfield></datafield><datafield ind1=" " ind2=" " tag="310"><subfield code="a">Weekly</subfield></datafield><datafield ind1="0" ind2=" " tag="362"><subfield code="a">Vol. 2, no. 53 (May 4, 1799)-v. 3, no. 261 (Apr. 30, 1803).</subfield></datafield><datafield ind1=" " ind2=" " tag="500"><subfield code="a">Issue of Jan. 4, 1800 contains the news of the death of Washington and has been reprinted many times. See: R.W.G. Vail, "The Ulster County Gazette ..." N.Y. Public Library Bull. Apr. 1930.</subfield></datafield><datafield ind1="4" ind2=" " tag="510"><subfield code="a">Brigham, C.S. Amer. newspapers</subfield><subfield code="c">p. 595</subfield></datafield><datafield ind1=" " ind2=" " tag="588"><subfield code="a">Description based on: Vol. 2, no. 53 (May 4, 1799).</subfield></datafield><datafield ind1=" " ind2="0" tag="651"><subfield code="a">Kingston (N.Y.)</subfield><subfield code="v">Newspapers.</subfield></datafield><datafield ind1=" " ind2="0" tag="651"><subfield code="a">Ulster County (N.Y.)</subfield><subfield code="v">Newspapers.</subfield></datafield><datafield ind1=" " ind2="7" tag="651"><subfield code="a">New York (State)</subfield><subfield code="z">Kingston.</subfield><subfield code="2">fast</subfield><subfield code="0">(OCoLC)fst01208819</subfield></datafield><datafield ind1=" " ind2="7" tag="651"><subfield code="a">New York (State)</subfield><subfield code="z">Ulster County.</subfield><subfield code="2">fast</subfield><subfield code="0">(OCoLC)fst01207948</subfield></datafield><datafield ind1=" " ind2="7" tag="655"><subfield code="a">Newspapers.</subfield><subfield code="2">fast</subfield><subfield code="0">(OCoLC)fst01423814</subfield></datafield><datafield ind1=" " ind2=" " tag="752"><subfield code="a">United States</subfield><subfield code="b">New York</subfield><subfield code="c">Ulster</subfield><subfield code="d">Kingston.</subfield></datafield><datafield ind1="0" ind2="0" tag="780"><subfield code="t">Ulster and Delaware gazette</subfield><subfield code="w">(DLC)sn 90066173</subfield><subfield code="w">(OCoLC)22928859</subfield></datafield><datafield ind1="0" ind2="0" tag="785"><subfield code="t">Ulster gazette</subfield><subfield code="w">(DLC)sn 83031194</subfield><subfield code="w">(OCoLC)9817691</subfield></datafield><datafield ind1=" " ind2=" " tag="938"><subfield code="a">Kirtas Technologies, Inc.</subfield><subfield code="b">KRTS</subfield><subfield code="n">733200</subfield></datafield></record>